@book{gof:design_patterns,
	author = {E. Gamma, R. Johnson, R. Helm, J. Vlissides},
	title = {Design Patterns},
	publisher = {Addison-Wesley Professional},
	year = {1994},
	isbn = {0201633612}
}

@booklet{mk:iot,
  title = {The {I}nternet of {T}hings: {M}apping the value beyond the hype},
  author = {McKinsey Global Institue},
  year = {2015},
  institution = {McKinsey & Company},
  url = {http://www.mckinsey.com/~/media/McKinsey/dotcom/Insights/Business%20Technology/Unlocking%20the%20potential%20of%20the%20Internet%20of%20Things/Unlocking_the_potential_of_the_Internet_of_Things_Full_report.ashx}
}

@booklet{siot:cobo,
  title = {Cook{B}ook siot.net release 1},
  author = {siot.net},
  year = {2015},
  institution = {RISIS Berner Fachhochschule},
}

@booklet{stwt:sw,
  title = {Smartwatches},
  author = {Stiftung Warentest},
  year = {2015},
	note = "[Ausgabe 10/15]",
}

@booklet{eres:stsw,
  title = {Studienband Smartwatch Umfrage},
  author = {Elske Ludewig},
  year = {2015},
  institution = {eResult GmbH},
	note = "[Ver√∂ffentlicht am Juni 2015]",
}

@misc{mr:iotdef,
  author = {Margaret Rouse},
  title = {Internet der {D}inge - {D}efinition},
  url = {http://www.searchnetworking.de/definition/Internet-der-Dinge-Internet-of-Things-IoT},
	note = "[Stand 23.10.2015]",
}

@misc{hive:mqtt,
  author = {HiveMQ},
  title = {How to get started with {MQTT}},
  url = {http://www.hivemq.com/blog/how-to-get-started-with-mqtt},
	note = "[Stand 20.11.2015]",
}

@misc{nh:nRed,
  author = {Niklas Heidloff},
  title = {What is {N}ode{-RED}},
  url = {http://heidloff.net/article/21.01.2015081841NHEAL8.htm},
	note = "[Online; Stand 20.11.2015]",
}

@misc{stat:spos,
  author = {statista},
  title = {Prognose zu den {M}arktanteilen der {B}etriebssysteme am {A}bsatz vom {S}martphones weltweit in den {J}ahren 2015 und 2019},
  url = {http://de.statista.com/statistik/daten/studie/182363/umfrage/prognostizierte-marktanteile-bei-smartphone-betriebssystemen/},
	note = "[Stand 10.01.2016]",
}

@misc{wiki:smho,
  author = {Wikipedia},
  title = {Smarthome},
  url = {https://de.wikipedia.org/wiki/Smart_Home},
	note = "[Stand 05.11.2015]",
}

@misc{mcbz:f015,
  author = {Mercedes-Benz},
  title = {Mercedes-{B}enz {F} 015},
  url = {https://www.mercedes-benz.com/de/mercedes-benz/innovation/forschungsfahrzeug-f-015-luxury-in-motion/},
	note = "[Stand 05.11.2015]",
}

@misc{hoco:sorw,
  author = {Christian Weiss},
  title = {Die {S}ache mit dem {H}orizont},
  url = {https://www.holisticon.de/2014/11/die-sache-mit-dem-horizont-iot-blogserie-episode-5/},
	note = "[Stand 05.11.2015]",
}

@misc{adpt:sss2,
  author = {Shu On Kwok},
  title = {Samsung {G}ear {S}2 im {T}est},
  url = {https://www.androidpit.de/samsung-gear-s2-test},
	note = "[Stand 12.12.2015]",
}

@misc{adbl:eadt,
  author = {Jamal Eason},
  title = {An update on {E}clipse {A}ndroid {D}eveloper {T}ools},
  url = {http://android-developers.blogspot.ch/2015/06/an-update-on-eclipse-android-developer.html},
	note = "[Stand 12.12.2015]",
}

@misc{deva:mpas,
  author = {Android Developers},
  title = {Managing {P}rojects from {A}ndroid {S}tudio},
  url = {http://developer.android.com/sdk/installing/create-project.html},
	note = "[Stand 18.12.2015]",
}

@misc{grdl:jcenter,
	author = {JFrog Bintray},
  title = {j{C}enter},
  url = {https://bintray.com/bintray/jcenter},
	note = "[Stand 23.12.2015]",
}

@misc{eclp:paho,
	author = {Eclipse Paho},
  title = {{MQTT} client},
  url = {http://www.eclipse.org/paho/},
	note = "[Stand 23.12.2015]",
}
